<record><leader>00000cas a2200000 a 4500</leader><controlfield tag="001">19080311</controlfield><controlfield tag="008">890130d19021913tnuwr ne      0    0eng d</controlfield><datafield ind1=" " ind2=" " tag="010"><subfield code="a">sn 89058136 </subfield></datafield><datafield ind1=" " ind2=" " tag="040"><subfield code="a">KNP</subfield><subfield code="b">eng</subfield><subfield code="c">KNP</subfield><subfield code="d">TGN</subfield><subfield code="d">OCL</subfield><subfield code="d">OCLCQ</subfield><subfield code="d">OCLCF</subfield><subfield code="d">OCLCO</subfield></datafield><datafield ind1="1" ind2=" " tag="029"><subfield code="a">AU@</subfield><subfield code="b">000022177070</subfield></datafield><datafield ind1=" " ind2=" " tag="042"><subfield code="a">msc</subfield></datafield><datafield ind1=" " ind2=" " tag="043"><subfield code="a">n-us-tn</subfield></datafield><datafield ind1="0" ind2="4" tag="245"><subfield code="a">The Hohenwald herald.</subfield></datafield><datafield ind1=" " ind2=" " tag="260"><subfield code="a">Hohenwald, Tenn. :</subfield><subfield code="b">Herald Pub. Co.</subfield></datafield><datafield ind1=" " ind2=" " tag="300"><subfield code="a">v. :</subfield><subfield code="b">ill.</subfield></datafield><datafield ind1=" " ind2=" " tag="310"><subfield code="a">Weekly</subfield></datafield><datafield ind1="1" ind2=" " tag="362"><subfield code="a">Began in 1902; ceased in 1913.</subfield></datafield><datafield ind1=" " ind2=" " tag="500"><subfield code="a">Publishers: Herald Pub. Co., &lt;1905&gt;-1907; N.W. Black, 1907-&lt;1910&gt;</subfield></datafield><datafield ind1=" " ind2=" " tag="500"><subfield code="a">Editors: W.L. Pinkerton, &lt;1905&gt;; Robert. S. Fain, &lt;1907&gt;; N.W. Black, 1907-&lt;1910&gt;</subfield></datafield><datafield ind1=" " ind2=" " tag="588"><subfield code="a">Description based on: Vol. 3, no. 28 (June 2, 1905).</subfield></datafield><datafield ind1=" " ind2="0" tag="651"><subfield code="a">Hohenwald (Tenn.)</subfield><subfield code="v">Newspapers.</subfield></datafield><datafield ind1=" " ind2="0" tag="651"><subfield code="a">Lewis County (Tenn.)</subfield><subfield code="v">Newspapers.</subfield></datafield><datafield ind1=" " ind2="7" tag="655"><subfield code="a">Newspapers.</subfield><subfield code="2">fast</subfield><subfield code="0">(OCoLC)fst01423814</subfield></datafield><datafield ind1=" " ind2="7" tag="651"><subfield code="a">Tennessee</subfield><subfield code="z">Hohenwald.</subfield><subfield code="2">fast</subfield><subfield code="0">(OCoLC)fst01229754</subfield></datafield><datafield ind1=" " ind2="7" tag="651"><subfield code="a">Tennessee</subfield><subfield code="z">Lewis County.</subfield><subfield code="2">fast</subfield><subfield code="0">(OCoLC)fst01229632</subfield></datafield><datafield ind1=" " ind2=" " tag="752"><subfield code="a">United States</subfield><subfield code="b">Tennessee</subfield><subfield code="c">Lewis</subfield><subfield code="d">Hohenwald.</subfield></datafield><datafield ind1="0" ind2="0" tag="780"><subfield code="t">Lewis County herald (Hohenwald, Tenn. : 1898)</subfield><subfield code="w">(DLC)sn 97065129</subfield></datafield><datafield ind1="0" ind2="0" tag="785"><subfield code="t">Lewis County herald (Hohenwald, Tenn. : 1913)</subfield><subfield code="w">(DLC)sn 89058106</subfield></datafield></record>